%
%@manual{SerialCommunications,
%	address={\url{http://msdn.microsoft.com/en-us/library/ff802693.aspx}},
%	title={Serial Communications},
%	year={2013},
%	month = {August},
%	organization={Microsoft}
%}

@manual{TESTONA,
organization = {Berner \& Mattner},
title = {TESTONA},
year = {2014},
month = {Oktober},
address = {http://www.testona.net},
}
%
%@book{VisualC++,
%author = {Dirk Louis},
%title = {Visual C++ 2010},
%publisher = {Addison-Wesley},
%year = {2010}
%}
%
%@book{ProgrammingWindows,
%author = {Charles Petzold},
%title = {Programming Windows},
%publisher = {Microsoft Press},
%year = {1998}
%}
%
%
%@book{CProgrammersGuide,
%author = {Joe Campbell},
%title = {C Programmers Guide to Serial Communications},
%publisher = {SAMS Publishing},
%year = {1994}
%}
%
%@book{V24/RS232,
%author = {Joe Campbell},
%title = {V 24 / RS-232 Kommunikation},
%publisher = {Sybex-Verlag GmbH},
%year = {1990}
%}
%
